<?xml version="1.0" encoding="UTF-8"?><collection xmlns="http://www.loc.gov/MARC21/slim"><record><leader>00390nam--2200133-i-4500</leader><controlfield tag="001">000033444</controlfield><controlfield tag="002">20161230</controlfield><controlfield tag="005">20161230201039</controlfield><controlfield tag="008">060222s1000------------r-----000-0-eng-d</controlfield><datafield ind1=" " ind2=" " tag="100"><subfield code="a">Montserrat, Augusto</subfield></datafield><datafield ind1=" " ind2=" " tag="245"><subfield code="a">Aberration et effet doppler dans l`espace. temps de schwarzschild</subfield></datafield><datafield ind1=" " ind2=" " tag="260"><subfield code="a">Paris, La Faculte Des Sciences De L`Univ., 1965, 99p</subfield></datafield><datafield ind1=" " ind2=" " tag="490"><subfield code="a">Theses, Serie A</subfield></datafield><datafield ind1=" " ind2=" " tag="852"><subfield code="a">22821</subfield></datafield></record></collection>